@article{Sibley:2016vh,
	author = {Sibley, Christopher R and Blazquez, Lorea and Ule, Jernej},
	journal = {Nat Rev Genet},
	pages = {407-421},
	title = {Lessons from non-canonical splicing},
	volume = {17},
	year = {2016}}

@article{Irimia:2008aa,
	author = {Irimia, Manuel and Roy, Scott William},
	journal = {PLoS Genet},
	pages = {e1000148},
	title = {Evolutionary convergence on highly-conserved 3' intron structures in intron-poor eukaryotes and insights into the ancestral eukaryotic genome},
	volume = {4},
	year = {2008}}
